@online{GGU,
	title = {Die Geomagnetik },		
	url = {http://www.ggukarlsruhe.de/Messverfahren_Geophysik_zersto/Geomagnetik_Magnetik_Erdmagnet/hauptteil_geomagnetik_magnetik_erdmagnet.html},
	urldate = {2014-04-25},
}

@online{Gar07,
	title = {Bachlorarbeit zum Thema Solarzellen},		
	url = {http://www.solalbert.info/downloads/files/BachelorarbeitSolarzellen.pdf},
	urldate = {2014-06-09},
}

@online{FranckHertz14,
	title = {Auszug aus: Über Zusammenstöße zwischen Elektronen und den Molekülen des Quecksilberdampfes
	und die Ionisierungsspannung  desselben},		
	author = {James Franck{,} Gustav Hertz},
	url = {http://www.dpg-physik.de/presse/veranstaltungen/tagungen/2014/pdf/Franck-Hertz-Experiment-VH1914.pdf},
	urldate = {2014-05-19},
}

@online{NuklidKarte_Rh,
	title = {Interactive Chart of Nuclides: Rhodium},
	author= {National Nuclear Data Center},		
	url = {http://www.nndc.bnl.gov/chart/reCenter.jsp?z=45&n=59},
	urldate = {2014-05-30},
}

@online{NuklidKarte_In,
	title = {Interactive Chart of Nuclides: Indium},
	author= {National Nuclear Data Center},		
	url = {http://www.nndc.bnl.gov/chart/reCenter.jsp?z=49&n=67},
	urldate = {2014-05-30},
}

@book{Kuchling07,
	author = {Horst Kuchling},
	title = {Taschenbuch der Physik},
	date = {2007},
	edition = {19},
	location = {Fachbuchverlag Leibzig im Carl Hanser Verlag München},
}
@book{Metzler07,
	author = {Joachim Grehn {,} Joachim Krause},
	title = {Metzler Physik},
	date = {2007},
	edition = {4},
	location = {Bildungshaus Schulbuchverlage},
}


@book{Mende09,
	author = {Dietmar Mende{,} Günther Simon},
	title = {Physik},
	date = {2009},
	subtitle = {Gleichungen und Tabellen},
	edition = {16},
	location = {Fachbuchverlag Leibzig im Carl Hanser Verlag München},
}

@book{Bortz10,
	author = {Jürgen Bortz{,} Christof Schuster},
	title = {Statistik für Human- und Sozialwissenschaftler},
	date = {2010},
	edition = {7},
	location = {Springer-Verlag Berlin Heidelberg},
}

@book{Kohlrausch96,
	author = {W. Albers},
	title = {Praktische Physik Band 3},
	date = {2009},
	%subtitle = {Gleichungen und Tabellen},
	%OPTtitleaddon = {titleaddon},
	%OPTedition = {edition},
	edition = {24},
	location = {B.G. Teubner Stuttgart},
}


@misc{SciPy,
title = {SciPy},
url = {http://docs.scipy.org/doc/},
urldate = {2014-06-02},
}

@manual{V201,
title = {Versuchsanleitung},
subtitle = {V201 Dulong-Petitsches Gesetz} ,
url = {http://129.217.224.2/HOMEPAGE/PHYSIKER/BACHELOR/AP/SKRIPT/V201.pdf},
}

@manual{V203,
title = {Versuchsanleitung},
subtitle = {V203 Verdampfungswärme und Dampfdruck-Kurve},
url = {http://129.217.224.2/HOMEPAGE/PHYSIKER/BACHELOR/AP/SKRIPT/V203.pdf},
}

@manual{V206,
title = {Versuchsanleitung},
subtitle = {V206 Wärmepumpe} ,
url = {http://129.217.224.2/HOMEPAGE/PHYSIKER/BACHELOR/AP/SKRIPT/V206.pdf},
}

@manual{V500,
title = {Versuchsanleitung},
subtitle = {V501 Photoeffekt} ,
url = {http://129.217.224.2/HOMEPAGE/PHYSIKER/BACHELOR/AP/SKRIPT/V500.pdf},
urldate = {2014-05-09},
}
@manual{V501,
title = {Versuchsanleitung},
subtitle = {V501 Elektronen im elektrischen Feld} ,
url = {http://129.217.224.2/HOMEPAGE/PHYSIKER/BACHELOR/AP/SKRIPT/V501.pdf},
urldate = {2014-04-23},
}

@manual{V502,
title = {Versuchsanleitung},
subtitle = {V502 Elektronen im Magnetfeld} ,
url = {http://129.217.224.2/HOMEPAGE/PHYSIKER/BACHELOR/AP/SKRIPT/V502.pdf},
urldate = {2014-04-23},
}

@manual{V503,
title = {Versuchsanleitung},
subtitle = {V503 Der Millikan-Versuch} ,
url = {http://129.217.224.2/HOMEPAGE/PHYSIKER/BACHELOR/AP/SKRIPT/Millikan.pdf},
urldate = {2014-06-19},
}

@manual{V302,
title = {Versuchsanleitung},
subtitle = {V302 Elektrische Bückenschaltungen} ,
url = {http://129.217.224.2/HOMEPAGE/PHYSIKER/BACHELOR/AP/SKRIPT/V302.pdf},
}

@manual{V355,
title = {Versuchsanleitung},
subtitle = {V355 Gekoppelte Schwingkreise} ,
url = {http://129.217.224.2/HOMEPAGE/PHYSIKER/BACHELOR/AP/SKRIPT/V355.pdf},
urldate = {2014-01-16},
}

@manual{V104,
title = {Versuchsanleitung},
subtitle = {V104 Der Doppler-Effekt} ,
url = {http://129.217.224.2/HOMEPAGE/PHYSIKER/BACHELOR/AP/SKRIPT/V104.pdf},
urldate = {2014-01-30},
}


@manual{V601,
title = {Versuchsanleitung},
subtitle = {V701 Franck-Hertz-Versuch} ,
url = {http://129.217.224.2/HOMEPAGE/PHYSIKER/BACHELOR/AP/SKRIPT/V601.pdf},
urldate = {2014-05-18},
}

@manual{V701,
title = {Versuchsanleitung},
subtitle = {V701 Reichweite von Alphastrahlung} ,
url = {http://129.217.224.2/HOMEPAGE/PHYSIKER/BACHELOR/AP/SKRIPT/V701.pdf},
urldate = {2014-04-21},
}
@manual{V702,
title = {Versuchsanleitung},
subtitle = {V701 Reichweite von Alphastrahlung} ,
url = {http://129.217.224.2/HOMEPAGE/PHYSIKER/BACHELOR/AP/SKRIPT/V702.pdf},
urldate = {2014-05-29},
}

@manual{NHV1,
title = {Versuchsanleitung},
subtitle = {NHV1: Die Solarzelle} ,
url = {http://129.217.224.2/HOMEPAGE/PHYSIKER/BACHELOR/AP/SKRIPT/SolarzelleMP.pdf},
urldate = {2014-06-07},
}
